%YAML 1.1
%TAG !u! tag:unity3d.com,2011:
--- !u!29 &1
OcclusionCullingSettings:
  m_ObjectHideFlags: 0
  serializedVersion: 2
  m_OcclusionBakeSettings:
    smallestOccluder: 5
    smallestHole: 0.25
    backfaceThreshold: 100
  m_SceneGUID: 00000000000000000000000000000000
  m_OcclusionCullingData: {fileID: 0}
--- !u!104 &2
RenderSettings:
  m_ObjectHideFlags: 0
  serializedVersion: 9
  m_Fog: 0
  m_FogColor: {r: 0.5, g: 0.5, b: 0.5, a: 1}
  m_FogMode: 3
  m_FogDensity: 0.01
  m_LinearFogStart: 0
  m_LinearFogEnd: 300
  m_AmbientSkyColor: {r: 0.212, g: 0.227, b: 0.259, a: 1}
  m_AmbientEquatorColor: {r: 0.114, g: 0.125, b: 0.133, a: 1}
  m_AmbientGroundColor: {r: 0.047, g: 0.043, b: 0.035, a: 1}
  m_AmbientIntensity: 1
  m_AmbientMode: 3
  m_SubtractiveShadowColor: {r: 0.42, g: 0.478, b: 0.627, a: 1}
  m_SkyboxMaterial: {fileID: 0}
  m_HaloStrength: 0.5
  m_FlareStrength: 1
  m_FlareFadeSpeed: 3
  m_HaloTexture: {fileID: 0}
  m_SpotCookie: {fileID: 10001, guid: 0000000000000000e000000000000000, type: 0}
  m_DefaultReflectionMode: 0
  m_DefaultReflectionResolution: 128
  m_ReflectionBounces: 1
  m_ReflectionIntensity: 1
  m_CustomReflection: {fileID: 0}
  m_Sun: {fileID: 0}
  m_IndirectSpecularColor: {r: 0, g: 0, b: 0, a: 1}
  m_UseRadianceAmbientProbe: 0
--- !u!157 &3
LightmapSettings:
  m_ObjectHideFlags: 0
  serializedVersion: 11
  m_GIWorkflowMode: 1
  m_GISettings:
    serializedVersion: 2
    m_BounceScale: 1
    m_IndirectOutputScale: 1
    m_AlbedoBoost: 1
    m_TemporalCoherenceThreshold: 1
    m_EnvironmentLightingMode: 0
    m_EnableBakedLightmaps: 0
    m_EnableRealtimeLightmaps: 0
  m_LightmapEditorSettings:
    serializedVersion: 10
    m_Resolution: 2
    m_BakeResolution: 40
    m_AtlasSize: 1024
    m_AO: 0
    m_AOMaxDistance: 1
    m_CompAOExponent: 1
    m_CompAOExponentDirect: 0
    m_Padding: 2
    m_LightmapParameters: {fileID: 0}
    m_LightmapsBakeMode: 1
    m_TextureCompression: 1
    m_FinalGather: 0
    m_FinalGatherFiltering: 1
    m_FinalGatherRayCount: 256
    m_ReflectionCompression: 2
    m_MixedBakeMode: 2
    m_BakeBackend: 1
    m_PVRSampling: 1
    m_PVRDirectSampleCount: 32
    m_PVRSampleCount: 500
    m_PVRBounces: 2
    m_PVRFilterTypeDirect: 0
    m_PVRFilterTypeIndirect: 0
    m_PVRFilterTypeAO: 0
    m_PVRFilteringMode: 1
    m_PVRCulling: 1
    m_PVRFilteringGaussRadiusDirect: 1
    m_PVRFilteringGaussRadiusIndirect: 5
    m_PVRFilteringGaussRadiusAO: 2
    m_PVRFilteringAtrousPositionSigmaDirect: 0.5
    m_PVRFilteringAtrousPositionSigmaIndirect: 2
    m_PVRFilteringAtrousPositionSigmaAO: 1
    m_ShowResolutionOverlay: 1
  m_LightingDataAsset: {fileID: 0}
  m_UseShadowmask: 1
--- !u!196 &4
NavMeshSettings:
  serializedVersion: 2
  m_ObjectHideFlags: 0
  m_BuildSettings:
    serializedVersion: 2
    agentTypeID: 0
    agentRadius: 0.5
    agentHeight: 2
    agentSlope: 45
    agentClimb: 0.4
    ledgeDropHeight: 0
    maxJumpAcrossDistance: 0
    minRegionArea: 2
    manualCellSize: 0
    cellSize: 0.16666667
    manualTileSize: 0
    tileSize: 256
    accuratePlacement: 0
    debug:
      m_Flags: 0
  m_NavMeshData: {fileID: 0}
--- !u!114 &255788689 stripped
MonoBehaviour:
  m_CorrespondingSourceObject: {fileID: 114314549033879872, guid: c23d986391959d04dbda9622c4846b7d,
    type: 2}
  m_PrefabInternal: {fileID: 557878931}
  m_Script: {fileID: 1392445389, guid: f5f67c52d1564df4a8936ccd202a3bd8, type: 3}
--- !u!114 &255788690 stripped
MonoBehaviour:
  m_CorrespondingSourceObject: {fileID: 114163084679179932, guid: c23d986391959d04dbda9622c4846b7d,
    type: 2}
  m_PrefabInternal: {fileID: 557878931}
  m_Script: {fileID: 1392445389, guid: f5f67c52d1564df4a8936ccd202a3bd8, type: 3}
--- !u!114 &255788691 stripped
MonoBehaviour:
  m_CorrespondingSourceObject: {fileID: 114030292376798816, guid: c23d986391959d04dbda9622c4846b7d,
    type: 2}
  m_PrefabInternal: {fileID: 557878931}
  m_Script: {fileID: 1392445389, guid: f70555f144d8491a825f0804e09c671c, type: 3}
--- !u!1 &255788692 stripped
GameObject:
  m_CorrespondingSourceObject: {fileID: 1440743619754914, guid: c23d986391959d04dbda9622c4846b7d,
    type: 2}
  m_PrefabInternal: {fileID: 557878931}
--- !u!114 &255788693 stripped
MonoBehaviour:
  m_CorrespondingSourceObject: {fileID: 114965846718971336, guid: c23d986391959d04dbda9622c4846b7d,
    type: 2}
  m_PrefabInternal: {fileID: 557878931}
  m_Script: {fileID: 708705254, guid: f70555f144d8491a825f0804e09c671c, type: 3}
--- !u!224 &255788694 stripped
RectTransform:
  m_CorrespondingSourceObject: {fileID: 224144211802521870, guid: c23d986391959d04dbda9622c4846b7d,
    type: 2}
  m_PrefabInternal: {fileID: 557878931}
--- !u!114 &255788696 stripped
MonoBehaviour:
  m_CorrespondingSourceObject: {fileID: 114649824561353056, guid: c23d986391959d04dbda9622c4846b7d,
    type: 2}
  m_PrefabInternal: {fileID: 557878931}
  m_Script: {fileID: 11500000, guid: 7b2c97231cdc377418deff6e28bcb150, type: 3}
--- !u!1001 &557878931
Prefab:
  m_ObjectHideFlags: 0
  serializedVersion: 2
  m_Modification:
    m_TransformParent: {fileID: 0}
    m_Modifications:
    - target: {fileID: 224115721066092966, guid: c23d986391959d04dbda9622c4846b7d,
        type: 2}
      propertyPath: m_LocalPosition.x
      value: 0
      objectReference: {fileID: 0}
    - target: {fileID: 224115721066092966, guid: c23d986391959d04dbda9622c4846b7d,
        type: 2}
      propertyPath: m_LocalPosition.y
      value: 0
      objectReference: {fileID: 0}
    - target: {fileID: 224115721066092966, guid: c23d986391959d04dbda9622c4846b7d,
        type: 2}
      propertyPath: m_LocalPosition.z
      value: 0
      objectReference: {fileID: 0}
    - target: {fileID: 224115721066092966, guid: c23d986391959d04dbda9622c4846b7d,
        type: 2}
      propertyPath: m_LocalRotation.x
      value: 0
      objectReference: {fileID: 0}
    - target: {fileID: 224115721066092966, guid: c23d986391959d04dbda9622c4846b7d,
        type: 2}
      propertyPath: m_LocalRotation.y
      value: 0
      objectReference: {fileID: 0}
    - target: {fileID: 224115721066092966, guid: c23d986391959d04dbda9622c4846b7d,
        type: 2}
      propertyPath: m_LocalRotation.z
      value: 0
      objectReference: {fileID: 0}
    - target: {fileID: 224115721066092966, guid: c23d986391959d04dbda9622c4846b7d,
        type: 2}
      propertyPath: m_LocalRotation.w
      value: 1
      objectReference: {fileID: 0}
    - target: {fileID: 224115721066092966, guid: c23d986391959d04dbda9622c4846b7d,
        type: 2}
      propertyPath: m_RootOrder
      value: 1
      objectReference: {fileID: 0}
    - target: {fileID: 224115721066092966, guid: c23d986391959d04dbda9622c4846b7d,
        type: 2}
      propertyPath: m_AnchoredPosition.x
      value: 0
      objectReference: {fileID: 0}
    - target: {fileID: 224115721066092966, guid: c23d986391959d04dbda9622c4846b7d,
        type: 2}
      propertyPath: m_AnchoredPosition.y
      value: 0
      objectReference: {fileID: 0}
    - target: {fileID: 224115721066092966, guid: c23d986391959d04dbda9622c4846b7d,
        type: 2}
      propertyPath: m_SizeDelta.x
      value: 0
      objectReference: {fileID: 0}
    - target: {fileID: 224115721066092966, guid: c23d986391959d04dbda9622c4846b7d,
        type: 2}
      propertyPath: m_SizeDelta.y
      value: 0
      objectReference: {fileID: 0}
    - target: {fileID: 224115721066092966, guid: c23d986391959d04dbda9622c4846b7d,
        type: 2}
      propertyPath: m_AnchorMin.x
      value: 0
      objectReference: {fileID: 0}
    - target: {fileID: 224115721066092966, guid: c23d986391959d04dbda9622c4846b7d,
        type: 2}
      propertyPath: m_AnchorMin.y
      value: 0
      objectReference: {fileID: 0}
    - target: {fileID: 224115721066092966, guid: c23d986391959d04dbda9622c4846b7d,
        type: 2}
      propertyPath: m_AnchorMax.x
      value: 0
      objectReference: {fileID: 0}
    - target: {fileID: 224115721066092966, guid: c23d986391959d04dbda9622c4846b7d,
        type: 2}
      propertyPath: m_AnchorMax.y
      value: 0
      objectReference: {fileID: 0}
    - target: {fileID: 224115721066092966, guid: c23d986391959d04dbda9622c4846b7d,
        type: 2}
      propertyPath: m_Pivot.x
      value: 0
      objectReference: {fileID: 0}
    - target: {fileID: 224115721066092966, guid: c23d986391959d04dbda9622c4846b7d,
        type: 2}
      propertyPath: m_Pivot.y
      value: 0
      objectReference: {fileID: 0}
    - target: {fileID: 114933632767972294, guid: c23d986391959d04dbda9622c4846b7d,
        type: 2}
      propertyPath: stats
      value: 
      objectReference: {fileID: 1269921137}
    - target: {fileID: 114500910614472802, guid: c23d986391959d04dbda9622c4846b7d,
        type: 2}
      propertyPath: iAPItems.Array.data[0].onPurchaseComplete.m_PersistentCalls.m_Calls.Array.data[0].m_Target
      value: 
      objectReference: {fileID: 985577169}
    - target: {fileID: 114500910614472802, guid: c23d986391959d04dbda9622c4846b7d,
        type: 2}
      propertyPath: iAPItems.Array.data[1].onPurchaseComplete.m_PersistentCalls.m_Calls.Array.data[0].m_Target
      value: 
      objectReference: {fileID: 985577169}
    - target: {fileID: 114500910614472802, guid: c23d986391959d04dbda9622c4846b7d,
        type: 2}
      propertyPath: otherShopItems.Array.data[0].onClick.m_PersistentCalls.m_Calls.Array.data[0].m_Target
      value: 
      objectReference: {fileID: 1846250589}
    - target: {fileID: 114500910614472802, guid: c23d986391959d04dbda9622c4846b7d,
        type: 2}
      propertyPath: otherShopItems.Array.data[1].onClick.m_PersistentCalls.m_Calls.Array.data[0].m_Target
      value: 
      objectReference: {fileID: 985577169}
    - target: {fileID: 224532916876410684, guid: c23d986391959d04dbda9622c4846b7d,
        type: 2}
      propertyPath: m_AnchoredPosition.x
      value: 82
      objectReference: {fileID: 0}
    - target: {fileID: 224532916876410684, guid: c23d986391959d04dbda9622c4846b7d,
        type: 2}
      propertyPath: m_AnchoredPosition.y
      value: -24.5
      objectReference: {fileID: 0}
    - target: {fileID: 224532916876410684, guid: c23d986391959d04dbda9622c4846b7d,
        type: 2}
      propertyPath: m_SizeDelta.x
      value: 143
      objectReference: {fileID: 0}
    - target: {fileID: 224532916876410684, guid: c23d986391959d04dbda9622c4846b7d,
        type: 2}
      propertyPath: m_SizeDelta.y
      value: 49
      objectReference: {fileID: 0}
    - target: {fileID: 224084016183314584, guid: c23d986391959d04dbda9622c4846b7d,
        type: 2}
      propertyPath: m_AnchoredPosition.x
      value: 181
      objectReference: {fileID: 0}
    - target: {fileID: 224084016183314584, guid: c23d986391959d04dbda9622c4846b7d,
        type: 2}
      propertyPath: m_AnchoredPosition.y
      value: -24.5
      objectReference: {fileID: 0}
    - target: {fileID: 224084016183314584, guid: c23d986391959d04dbda9622c4846b7d,
        type: 2}
      propertyPath: m_SizeDelta.x
      value: 55
      objectReference: {fileID: 0}
    - target: {fileID: 224084016183314584, guid: c23d986391959d04dbda9622c4846b7d,
        type: 2}
      propertyPath: m_SizeDelta.y
      value: 49
      objectReference: {fileID: 0}
    - target: {fileID: 224914748111588704, guid: c23d986391959d04dbda9622c4846b7d,
        type: 2}
      propertyPath: m_AnchoredPosition.x
      value: 324
      objectReference: {fileID: 0}
    - target: {fileID: 224914748111588704, guid: c23d986391959d04dbda9622c4846b7d,
        type: 2}
      propertyPath: m_AnchoredPosition.y
      value: -24.5
      objectReference: {fileID: 0}
    - target: {fileID: 224914748111588704, guid: c23d986391959d04dbda9622c4846b7d,
        type: 2}
      propertyPath: m_SizeDelta.x
      value: 231
      objectReference: {fileID: 0}
    - target: {fileID: 224914748111588704, guid: c23d986391959d04dbda9622c4846b7d,
        type: 2}
      propertyPath: m_SizeDelta.y
      value: 49
      objectReference: {fileID: 0}
    - target: {fileID: 224750015528577278, guid: c23d986391959d04dbda9622c4846b7d,
        type: 2}
      propertyPath: m_AnchoredPosition.x
      value: 360
      objectReference: {fileID: 0}
    - target: {fileID: 224155003184085522, guid: c23d986391959d04dbda9622c4846b7d,
        type: 2}
      propertyPath: m_AnchoredPosition.x
      value: 360
      objectReference: {fileID: 0}
    - target: {fileID: 224532923438409328, guid: c23d986391959d04dbda9622c4846b7d,
        type: 2}
      propertyPath: m_AnchoredPosition.x
      value: 375
      objectReference: {fileID: 0}
    - target: {fileID: 224532923438409328, guid: c23d986391959d04dbda9622c4846b7d,
        type: 2}
      propertyPath: m_SizeDelta.x
      value: 720
      objectReference: {fileID: 0}
    - target: {fileID: 224469608585369146, guid: c23d986391959d04dbda9622c4846b7d,
        type: 2}
      propertyPath: m_AnchoredPosition.x
      value: 375
      objectReference: {fileID: 0}
    - target: {fileID: 224469608585369146, guid: c23d986391959d04dbda9622c4846b7d,
        type: 2}
      propertyPath: m_SizeDelta.x
      value: 720
      objectReference: {fileID: 0}
    - target: {fileID: 224223897502323058, guid: c23d986391959d04dbda9622c4846b7d,
        type: 2}
      propertyPath: m_AnchoredPosition.x
      value: 375
      objectReference: {fileID: 0}
    - target: {fileID: 224223897502323058, guid: c23d986391959d04dbda9622c4846b7d,
        type: 2}
      propertyPath: m_SizeDelta.x
      value: 750
      objectReference: {fileID: 0}
    - target: {fileID: 224667349379984334, guid: c23d986391959d04dbda9622c4846b7d,
        type: 2}
      propertyPath: m_AnchoredPosition.x
      value: 382.5
      objectReference: {fileID: 0}
    - target: {fileID: 224667349379984334, guid: c23d986391959d04dbda9622c4846b7d,
        type: 2}
      propertyPath: m_SizeDelta.x
      value: 765
      objectReference: {fileID: 0}
    - target: {fileID: 224865301365445224, guid: c23d986391959d04dbda9622c4846b7d,
        type: 2}
      propertyPath: m_AnchoredPosition.x
      value: 105
      objectReference: {fileID: 0}
    - target: {fileID: 224170611942239304, guid: c23d986391959d04dbda9622c4846b7d,
        type: 2}
      propertyPath: m_AnchoredPosition.x
      value: 290
      objectReference: {fileID: 0}
    - target: {fileID: 224914578114322838, guid: c23d986391959d04dbda9622c4846b7d,
        type: 2}
      propertyPath: m_AnchoredPosition.x
      value: 475
      objectReference: {fileID: 0}
    - target: {fileID: 224367799601482584, guid: c23d986391959d04dbda9622c4846b7d,
        type: 2}
      propertyPath: m_AnchoredPosition.x
      value: 660
      objectReference: {fileID: 0}
    m_RemovedComponents: []
  m_SourcePrefab: {fileID: 100100000, guid: c23d986391959d04dbda9622c4846b7d, type: 2}
  m_IsPrefabAsset: 0
--- !u!114 &645659261 stripped
MonoBehaviour:
  m_CorrespondingSourceObject: {fileID: 114597720474680600, guid: 58dcaac8d4a0bff47802be0b9fe41f68,
    type: 2}
  m_PrefabInternal: {fileID: 1199228555}
  m_Script: {fileID: 11500000, guid: b07968280bc21264aa5dd0ee844292fd, type: 3}
--- !u!1 &665617690 stripped
GameObject:
  m_CorrespondingSourceObject: {fileID: 1419627866693198, guid: 68ad98ba6a33be4419c95ff02cee1cb8,
    type: 2}
  m_PrefabInternal: {fileID: 1932675508}
--- !u!114 &985577169 stripped
MonoBehaviour:
  m_CorrespondingSourceObject: {fileID: 114421733245000996, guid: 1368ff159c13af9429f1ff4448ef4eb9,
    type: 2}
  m_PrefabInternal: {fileID: 1635435756}
  m_Script: {fileID: 11500000, guid: 20b94b0f2c5758c4c8106eefb6fe0f80, type: 3}
--- !u!1001 &1199228555
Prefab:
  m_ObjectHideFlags: 0
  serializedVersion: 2
  m_Modification:
    m_TransformParent: {fileID: 0}
    m_Modifications:
    - target: {fileID: 4211529770683938, guid: 58dcaac8d4a0bff47802be0b9fe41f68, type: 2}
      propertyPath: m_LocalPosition.x
      value: 0
      objectReference: {fileID: 0}
    - target: {fileID: 4211529770683938, guid: 58dcaac8d4a0bff47802be0b9fe41f68, type: 2}
      propertyPath: m_LocalPosition.y
      value: 0
      objectReference: {fileID: 0}
    - target: {fileID: 4211529770683938, guid: 58dcaac8d4a0bff47802be0b9fe41f68, type: 2}
      propertyPath: m_LocalPosition.z
      value: 0
      objectReference: {fileID: 0}
    - target: {fileID: 4211529770683938, guid: 58dcaac8d4a0bff47802be0b9fe41f68, type: 2}
      propertyPath: m_LocalRotation.x
      value: 0
      objectReference: {fileID: 0}
    - target: {fileID: 4211529770683938, guid: 58dcaac8d4a0bff47802be0b9fe41f68, type: 2}
      propertyPath: m_LocalRotation.y
      value: 0
      objectReference: {fileID: 0}
    - target: {fileID: 4211529770683938, guid: 58dcaac8d4a0bff47802be0b9fe41f68, type: 2}
      propertyPath: m_LocalRotation.z
      value: 0
      objectReference: {fileID: 0}
    - target: {fileID: 4211529770683938, guid: 58dcaac8d4a0bff47802be0b9fe41f68, type: 2}
      propertyPath: m_LocalRotation.w
      value: 1
      objectReference: {fileID: 0}
    - target: {fileID: 4211529770683938, guid: 58dcaac8d4a0bff47802be0b9fe41f68, type: 2}
      propertyPath: m_RootOrder
      value: 3
      objectReference: {fileID: 0}
    - target: {fileID: 114230204638787158, guid: 58dcaac8d4a0bff47802be0b9fe41f68,
        type: 2}
      propertyPath: guiConsole
      value: 
      objectReference: {fileID: 1654986493}
    - target: {fileID: 114230204638787158, guid: 58dcaac8d4a0bff47802be0b9fe41f68,
        type: 2}
      propertyPath: Unet
      value: 
      objectReference: {fileID: 665617690}
    - target: {fileID: 114230204638787158, guid: 58dcaac8d4a0bff47802be0b9fe41f68,
        type: 2}
      propertyPath: UnetClientController
      value: 
      objectReference: {fileID: 1771234520}
    - target: {fileID: 114230204638787158, guid: 58dcaac8d4a0bff47802be0b9fe41f68,
        type: 2}
      propertyPath: UnetGameServer
      value: 
      objectReference: {fileID: 1939827088}
    - target: {fileID: 114230204638787158, guid: 58dcaac8d4a0bff47802be0b9fe41f68,
        type: 2}
      propertyPath: UICanvas
      value: 
      objectReference: {fileID: 2033358782}
    - target: {fileID: 114597720474680600, guid: 58dcaac8d4a0bff47802be0b9fe41f68,
        type: 2}
      propertyPath: ServerIp
      value: 3.120.130.165
      objectReference: {fileID: 0}
    - target: {fileID: 114776673568944824, guid: 58dcaac8d4a0bff47802be0b9fe41f68,
        type: 2}
      propertyPath: DefaultMachineIp
      value: 3.120.130.165
      objectReference: {fileID: 0}
    m_RemovedComponents: []
  m_SourcePrefab: {fileID: 100100000, guid: 58dcaac8d4a0bff47802be0b9fe41f68, type: 2}
  m_IsPrefabAsset: 0
--- !u!114 &1269921137 stripped
MonoBehaviour:
  m_CorrespondingSourceObject: {fileID: 114510947429899526, guid: 1368ff159c13af9429f1ff4448ef4eb9,
    type: 2}
  m_PrefabInternal: {fileID: 1635435756}
  m_Script: {fileID: 11500000, guid: 86d162fea5eaf8342b085694a9a06b38, type: 3}
--- !u!1 &1347899558
GameObject:
  m_ObjectHideFlags: 0
  m_CorrespondingSourceObject: {fileID: 0}
  m_PrefabInternal: {fileID: 0}
  serializedVersion: 6
  m_Component:
  - component: {fileID: 1347899561}
  - component: {fileID: 1347899560}
  - component: {fileID: 1347899559}
  m_Layer: 0
  m_Name: Main Camera
  m_TagString: MainCamera
  m_Icon: {fileID: 0}
  m_NavMeshLayer: 0
  m_StaticEditorFlags: 0
  m_IsActive: 1
--- !u!81 &1347899559
AudioListener:
  m_ObjectHideFlags: 0
  m_CorrespondingSourceObject: {fileID: 0}
  m_PrefabInternal: {fileID: 0}
  m_GameObject: {fileID: 1347899558}
  m_Enabled: 1
--- !u!20 &1347899560
Camera:
  m_ObjectHideFlags: 0
  m_CorrespondingSourceObject: {fileID: 0}
  m_PrefabInternal: {fileID: 0}
  m_GameObject: {fileID: 1347899558}
  m_Enabled: 1
  serializedVersion: 2
  m_ClearFlags: 1
  m_BackGroundColor: {r: 0.26415092, g: 0.26415092, b: 0.26415092, a: 0}
  m_projectionMatrixMode: 1
  m_SensorSize: {x: 36, y: 24}
  m_LensShift: {x: 0, y: 0}
  m_FocalLength: 50
  m_NormalizedViewPortRect:
    serializedVersion: 2
    x: 0
    y: 0
    width: 1
    height: 1
  near clip plane: 0.3
  far clip plane: 1000
  field of view: 60
  orthographic: 1
  orthographic size: 5
  m_Depth: -1
  m_CullingMask:
    serializedVersion: 2
    m_Bits: 4294967295
  m_RenderingPath: -1
  m_TargetTexture: {fileID: 0}
  m_TargetDisplay: 0
  m_TargetEye: 3
  m_HDR: 1
  m_AllowMSAA: 1
  m_AllowDynamicResolution: 0
  m_ForceIntoRT: 0
  m_OcclusionCulling: 1
  m_StereoConvergence: 10
  m_StereoSeparation: 0.022
--- !u!4 &1347899561
Transform:
  m_ObjectHideFlags: 0
  m_CorrespondingSourceObject: {fileID: 0}
  m_PrefabInternal: {fileID: 0}
  m_GameObject: {fileID: 1347899558}
  m_LocalRotation: {x: 0, y: 0, z: 0, w: 1}
  m_LocalPosition: {x: 0, y: 0, z: -10}
  m_LocalScale: {x: 1, y: 1, z: 1}
  m_Children: []
  m_Father: {fileID: 0}
  m_RootOrder: 0
  m_LocalEulerAnglesHint: {x: 0, y: 0, z: 0}
--- !u!1001 &1635435756
Prefab:
  m_ObjectHideFlags: 0
  serializedVersion: 2
  m_Modification:
    m_TransformParent: {fileID: 0}
    m_Modifications:
    - target: {fileID: 4455959389317060, guid: 1368ff159c13af9429f1ff4448ef4eb9, type: 2}
      propertyPath: m_LocalPosition.x
      value: 0
      objectReference: {fileID: 0}
    - target: {fileID: 4455959389317060, guid: 1368ff159c13af9429f1ff4448ef4eb9, type: 2}
      propertyPath: m_LocalPosition.y
      value: 0
      objectReference: {fileID: 0}
    - target: {fileID: 4455959389317060, guid: 1368ff159c13af9429f1ff4448ef4eb9, type: 2}
      propertyPath: m_LocalPosition.z
      value: 0
      objectReference: {fileID: 0}
    - target: {fileID: 4455959389317060, guid: 1368ff159c13af9429f1ff4448ef4eb9, type: 2}
      propertyPath: m_LocalRotation.x
      value: 0
      objectReference: {fileID: 0}
    - target: {fileID: 4455959389317060, guid: 1368ff159c13af9429f1ff4448ef4eb9, type: 2}
      propertyPath: m_LocalRotation.y
      value: 0
      objectReference: {fileID: 0}
    - target: {fileID: 4455959389317060, guid: 1368ff159c13af9429f1ff4448ef4eb9, type: 2}
      propertyPath: m_LocalRotation.z
      value: 0
      objectReference: {fileID: 0}
    - target: {fileID: 4455959389317060, guid: 1368ff159c13af9429f1ff4448ef4eb9, type: 2}
      propertyPath: m_LocalRotation.w
      value: 1
      objectReference: {fileID: 0}
    - target: {fileID: 4455959389317060, guid: 1368ff159c13af9429f1ff4448ef4eb9, type: 2}
      propertyPath: m_RootOrder
      value: 5
      objectReference: {fileID: 0}
    - target: {fileID: 114731815754070182, guid: 1368ff159c13af9429f1ff4448ef4eb9,
        type: 2}
      propertyPath: grid
      value: 
      objectReference: {fileID: 255788696}
    - target: {fileID: 114079831425530194, guid: 1368ff159c13af9429f1ff4448ef4eb9,
        type: 2}
      propertyPath: buttonsParent
      value: 
      objectReference: {fileID: 255788694}
    - target: {fileID: 114079831425530194, guid: 1368ff159c13af9429f1ff4448ef4eb9,
        type: 2}
      propertyPath: targetText
      value: 
      objectReference: {fileID: 255788693}
    - target: {fileID: 114079831425530194, guid: 1368ff159c13af9429f1ff4448ef4eb9,
        type: 2}
      propertyPath: chooseFoodMaterialsPopup
      value: 
      objectReference: {fileID: 255788692}
    - target: {fileID: 114079831425530194, guid: 1368ff159c13af9429f1ff4448ef4eb9,
        type: 2}
      propertyPath: readyButton
      value: 
      objectReference: {fileID: 255788691}
    - target: {fileID: 114079831425530194, guid: 1368ff159c13af9429f1ff4448ef4eb9,
        type: 2}
      propertyPath: startButton
      value: 
      objectReference: {fileID: 255788690}
    - target: {fileID: 114079831425530194, guid: 1368ff159c13af9429f1ff4448ef4eb9,
        type: 2}
      propertyPath: closePopupButton
      value: 
      objectReference: {fileID: 255788689}
    m_RemovedComponents: []
  m_SourcePrefab: {fileID: 100100000, guid: 1368ff159c13af9429f1ff4448ef4eb9, type: 2}
  m_IsPrefabAsset: 0
--- !u!1 &1654986491
GameObject:
  m_ObjectHideFlags: 0
  m_CorrespondingSourceObject: {fileID: 0}
  m_PrefabInternal: {fileID: 0}
  serializedVersion: 6
  m_Component:
  - component: {fileID: 1654986492}
  - component: {fileID: 1654986493}
  m_Layer: 0
  m_Name: Console
  m_TagString: Untagged
  m_Icon: {fileID: 0}
  m_NavMeshLayer: 0
  m_StaticEditorFlags: 0
  m_IsActive: 1
--- !u!4 &1654986492
Transform:
  m_ObjectHideFlags: 0
  m_CorrespondingSourceObject: {fileID: 0}
  m_PrefabInternal: {fileID: 0}
  m_GameObject: {fileID: 1654986491}
  m_LocalRotation: {x: 0, y: 0, z: 0, w: 1}
  m_LocalPosition: {x: 0, y: 0, z: 0}
  m_LocalScale: {x: 1, y: 1, z: 1}
  m_Children: []
  m_Father: {fileID: 0}
  m_RootOrder: 2
  m_LocalEulerAnglesHint: {x: 0, y: 0, z: 0}
--- !u!114 &1654986493
MonoBehaviour:
  m_ObjectHideFlags: 0
  m_CorrespondingSourceObject: {fileID: 0}
  m_PrefabInternal: {fileID: 0}
  m_GameObject: {fileID: 1654986491}
  m_Enabled: 1
  m_EditorHideFlags: 0
  m_Script: {fileID: 11500000, guid: 7ce9902a020136144b8d21779be49760, type: 3}
  m_Name: 
  m_EditorClassIdentifier: 
  Title: Console
  Show: 0
  ShowDateTime: 1
  ShowLatest: 1
  CollapseDuplicates: 0
  toggleKey: 8
  MaxLogEntries: 1000
  LeftMargin: 20
  TopMargin: 20
  RightMargin: 20
  BottomMargin: 20
--- !u!114 &1670005806 stripped
MonoBehaviour:
  m_CorrespondingSourceObject: {fileID: 114763081335243972, guid: 58dcaac8d4a0bff47802be0b9fe41f68,
    type: 2}
  m_PrefabInternal: {fileID: 1199228555}
  m_Script: {fileID: 11500000, guid: c03c9082319a68344b5a21388f3f52ef, type: 3}
--- !u!1 &1771234520 stripped
GameObject:
  m_CorrespondingSourceObject: {fileID: 1025780295080696, guid: 68ad98ba6a33be4419c95ff02cee1cb8,
    type: 2}
  m_PrefabInternal: {fileID: 1932675508}
--- !u!114 &1846250589 stripped
MonoBehaviour:
  m_CorrespondingSourceObject: {fileID: 114120770337859180, guid: 1368ff159c13af9429f1ff4448ef4eb9,
    type: 2}
  m_PrefabInternal: {fileID: 1635435756}
  m_Script: {fileID: 11500000, guid: 15fa143a592352644a49e043f7928cd6, type: 3}
--- !u!1001 &1932675508
Prefab:
  m_ObjectHideFlags: 0
  serializedVersion: 2
  m_Modification:
    m_TransformParent: {fileID: 0}
    m_Modifications:
    - target: {fileID: 4479490103451508, guid: 68ad98ba6a33be4419c95ff02cee1cb8, type: 2}
      propertyPath: m_LocalPosition.x
      value: 0
      objectReference: {fileID: 0}
    - target: {fileID: 4479490103451508, guid: 68ad98ba6a33be4419c95ff02cee1cb8, type: 2}
      propertyPath: m_LocalPosition.y
      value: 0
      objectReference: {fileID: 0}
    - target: {fileID: 4479490103451508, guid: 68ad98ba6a33be4419c95ff02cee1cb8, type: 2}
      propertyPath: m_LocalPosition.z
      value: 0
      objectReference: {fileID: 0}
    - target: {fileID: 4479490103451508, guid: 68ad98ba6a33be4419c95ff02cee1cb8, type: 2}
      propertyPath: m_LocalRotation.x
      value: 0
      objectReference: {fileID: 0}
    - target: {fileID: 4479490103451508, guid: 68ad98ba6a33be4419c95ff02cee1cb8, type: 2}
      propertyPath: m_LocalRotation.y
      value: 0
      objectReference: {fileID: 0}
    - target: {fileID: 4479490103451508, guid: 68ad98ba6a33be4419c95ff02cee1cb8, type: 2}
      propertyPath: m_LocalRotation.z
      value: 0
      objectReference: {fileID: 0}
    - target: {fileID: 4479490103451508, guid: 68ad98ba6a33be4419c95ff02cee1cb8, type: 2}
      propertyPath: m_LocalRotation.w
      value: 1
      objectReference: {fileID: 0}
    - target: {fileID: 4479490103451508, guid: 68ad98ba6a33be4419c95ff02cee1cb8, type: 2}
      propertyPath: m_RootOrder
      value: 4
      objectReference: {fileID: 0}
    - target: {fileID: 114365365666477018, guid: 68ad98ba6a33be4419c95ff02cee1cb8,
        type: 2}
      propertyPath: ClientController
      value: 
      objectReference: {fileID: 645659261}
    - target: {fileID: 114361223507719772, guid: 68ad98ba6a33be4419c95ff02cee1cb8,
        type: 2}
      propertyPath: gameServer
      value: 
      objectReference: {fileID: 1670005806}
    m_RemovedComponents: []
  m_SourcePrefab: {fileID: 100100000, guid: 68ad98ba6a33be4419c95ff02cee1cb8, type: 2}
  m_IsPrefabAsset: 0
--- !u!1 &1939827088 stripped
GameObject:
  m_CorrespondingSourceObject: {fileID: 1762786777867940, guid: 68ad98ba6a33be4419c95ff02cee1cb8,
    type: 2}
  m_PrefabInternal: {fileID: 1932675508}
--- !u!1 &2033358782 stripped
GameObject:
  m_CorrespondingSourceObject: {fileID: 1639984303516520, guid: c23d986391959d04dbda9622c4846b7d,
    type: 2}
  m_PrefabInternal: {fileID: 557878931}
